@book{distributeddatabase,
    author    = "Ozsu, M.T. and Valduriez, P.",
    title     = "Principles of Distributed Database Systems",
    edition   = "3rd",
    year      = "2011",
    publisher = "Springer",
    address   = "New York"
}

@book{distributeddbms,
    author    = "Date, C.",
    title     = "An Introduction to Database Systems. Vols. I and II.",
    edition   = "4th",
    year      = "1987",
    publisher = "Addison-Wesley Publishing Co.",
}

@book{distributedsystems,
    author    = "Silberschatz, A., Korth H.F. and Sudarshan, S.",
    title     = "Database System Concepts",
    edition   = "6th",
    year      = "2010",
    publisher = "McGraw-Hill",
}

@article{centralizeddistributeddatabases,
    author    = "Nicoleta Magdalena Iacob (Ciobanu), Mirela Liliana Moise",
    title     = "Centralized vs. Distributed Databases. Case Study",
    journal   = "Academic Journal of Economic Studies",
    year      = "2015",
    volume    = "4",
    pages     = "119--130"
}

@misc{wiki,
    title     = "Wikipedia",
    url       = "https://en.wikipedia.org/"
}

@misc{dilrmp,
    title     = "Department of Land Resources",
    url       = "https://dolr.gov.in/programme-schemes/dilrmp/digital-india-land-record-modernization-programme"
}

@misc{blockchaingovin,
    title     = "Centre of Excellence in Blockchain Technology",
    url       = "https://blockchain.gov.in/landrecords.html"
}